@Book{Bennett:1984,
  author    = {Jonathan Bennett},
  title     = {A Study of {S}pinoza’s {E}thics},
  date      = {1984},
  publisher = {Hackett},
  location  = {Indianapolis},
}

@InCollection{DellaRocca:1996,
  author    = {Della Rocca, Michael},
  title     = {{S}pinoza’s Metaphysical Psychology},
  date      = {1996},
  booktitle = {The Cambridge Companion to Spinoza},
  editor    = {Don Garrett},
  publisher = {Cambridge University Press},
  location  = {Cambridge},
  pages     = {192-266},
}

@Article{Illari&Williamson:2013,
  year    = {2013},
  title   = {In Defence of Activities},
  author  = {Illari, Phyllis and Williamson, Jon},
  journal = {Journal for General Philosophy of Science},
  doi     = {10.1007/s10838-013-9217-5},
  pages   = {69 83},
  number  = {1},
  volume  = {44},
}

@Incollection{Laerke:2017,
  year      = {2017},
  title     = {Aspects of {S}pinoza’s Theory of Essence},
  author    = {Lærke, Mogens},
  booktitle = {The Actual and the Possible: Modality and Metaphysics in Modern Philosophy},
  editor    = {Sinclair, Mark},
  publisher = {Oxford University Press},
  doi       = {10.1093/oso/9780198786436.003.0002},
}

@InCollection{Nadler:2012,
  author    = {Steven Nadler},
  title     = {{S}pinoza’s Monism and the Reality of the Finite},
  date      = {2012},
  booktitle = {{S}pinoza on Monism},
  editor    = {Philip Goff},
  publisher = {Palgrave Macmillan},
  location  = {London},
}

@Book{RenzExplainability,
  title     = {The Explainability of Experience: Realism and Subjectivity in {{Spinoza's}} Theory of the Human Mind},
  author    = {Renz, Ursula},
  year      = {2018},
  publisher = {Oxford University Press},
  address   = {New York},
  doi       = {10.1093/oso/9780199350162.001.0001}
}

@MVBook{G,
  author    = {Spinoza, Benedictus de},
  title     = {Spinoza Opera},
  volumes   = {4},
  editor    = {Gebhardt, Carl},
  publisher = {C. Winter},
  address   = {Heidelberg},
  year      = {1972},
  abstract  = {},
  keywords  = {},
  shorthand = {G}
}

@MVBook{C2,
  author     = {Spinoza, Benedictus de},
  title      = {The Collected Works of {{Spinoza}}},
  volumes    = {2},
  editor     = {Curley, E. M.},
  translator = {Curley, E. M.},
  publisher  = {Princeton University Press},
  address    = {Princeton},
  year       = {1985/2016},
  abstract   = {},
  shorthand  = {C}
}

@Book{C1,
  author     = {Spinoza, Benedictus de},
  title      = {The collected works of {{Spinoza}}},
  volume     = {1},
  pages      = {},
  editor     = {Curley, E. M.},
  translator = {Curley, E. M.},
  publisher  = {Princeton University Press},
  address    = {Princeton},
  year       = {1985},
  abstract   = {},
}

@Bookinbook{CM,
  title     = {Appendix Containing Metaphysical Thoughts},
  volume    = {1},
  year      = {1985},
  pages     = {299--346},
  shorthand = {CM},
  crossref  = {C}
}

@Article{Simpson:1945,
  author       = {Simpson, George Gaylord},
  title        = {The principles of classification and a classification of mammals},
  journaltitle = {Bulletin of the American Museum of Natural History},
  date         = {1945},
  volume       = {85},
}

@Article{Ward:2011,
  title   = {{S}pinoza on the Essences of Modes},
  author  = {Ward, Thomas M.},
  year    = {2011},
  journal = {British Journal for the History of Philosophy},
  doi     = {10.1080/09608788.2011.533010},
  pages   = {19--46},
  number  = {1},
  volume  = {19},
}

@Book{Viljanen:2011,
  author          = {Valtteri Viljanen},
  title           = {{S}pinoza's Geometry of Power},
  date            = {2011},
  publisher    = {Cambridge University Press},
  location     = {Cambridge},
}

@InCollection{Williams:2019,
  author    = {Williams, Caroline},
  title     = {Revisiting {S}pinoza’s Concept of Conatus: Degrees of Autonomy},
  date      = {2019},
  booktitle = {{S}pinoza and Relational Autonomy},
  editora   = {Armstrong, Aurelia},
  editorb   = {Green, Keith},
  editorc   = {Sangiacomo, Andrea},
  publisher = {Edinburgh University Press},
  location  = {Edinburgh},
  pages     = {115--131},
}
