@Book{RenzExplainability,
  title = {The Explainability of Experience: Realism and Subjectivity in {{Spinoza's}} Theory of the Human Mind},
  author = {Renz, Ursula},
  year = {2018},
  publisher = {Oxford University Press},
  address = {New York},
  doi = {10.1093/oso/9780199350162.001.0001}
}

@MVBook{G,
author = {Spinoza, Benedictus de},
title = {Spinoza Opera},
volumes = {4},
editor = {Gebhardt, Carl},
publisher = {C. Winter},
address = {Heidelberg},
year = {1972},
abstract = {},
keywords = {},
shorthand = {G}}

@MVBook{C2,
author = {Spinoza, Benedictus de},
title = {The Collected Works of {{Spinoza}}},
volumes = {2},
editor = {Curley, E. M.},
translator = {Curley, E. M.},
publisher = {Princeton University Press},
address = {Princeton},
year = {1985/2016},
abstract = {},
shorthand = {C}}

@Book{C1,
author     = {Spinoza, Benedictus de},
title      = {The collected works of {{Spinoza}}},
volume     = {1},
pages      = {},
editor     = {Curley, E. M.},
translator = {Curley, E. M.},
publisher  = {Princeton University Press},
address    = {Princeton},
year       = {1985},
abstract   = {},
}

@Bookinbook{CM,
  title     = {Appendix Containing Metaphysical Thoughts},
  volume    = {1},
  year      = {1985},
  pages     = {299--346},
  shorthand = {CM},
  crossref  = {C}
}

@Article{Simpson:1945,
  author       = {Simpson, George Gaylord},
  title        = {The principles of classification and a classification of mammals},
  journaltitle = {Bulletin of the American Museum of Natural History},
  date         = {1945},
  volume       = {85},
}
